%%%% BOOKS — ONE AUTHOR
@book{sedlacek2011,
  author    = {Sedláček, Tomáš},
  title     = {Economics of Good and Evil: The Quest for Economic Meaning from Gilgamesh to Wall Street},
  year      = {2011},
  location  = {New York},
  publisher = {Oxford University Press},
  keywords  = {latin}
}

@book{friedman2006,
  author    = {Friedman, Thomas L.},
  title     = {The World is Flat},
  year      = {2006},
  location  = {London},
  publisher = {Penguin Books},
  keywords  = {latin}
}

@book{kaftan2005,
  author    = {Kaftan, Milan},
  title     = {Modern Business English in E-commerce},
  year      = {2005},
  location  = {Prague},
  publisher = {LEDA Publishing House},
  keywords  = {latin}
}

@book{porter2008,
  author    = {Porter, Michael E.},
  title     = {On Competition: Updated and Expanded Edition},
  year      = {2008},
  location  = {Boston, MA},
  publisher = {Harvard Business School Publishing},
  keywords  = {latin}
}

%%%% BOOKS — 2–3 AUTHORS
@book{schmidt2014,
  author    = {Schmidt, Eric and Rosenberg, Jonathan and Eagle, Alan},
  title     = {How Google Works},
  year      = {2014},
  location  = {London},
  publisher = {John Murray (Publishers)},
  keywords  = {latin}
}

@book{horngren2015,
  author    = {Horngren, Charles T. and Datar, Srikant M. and Rajan, Madhav V.},
  title     = {Cost Accounting: A Managerial Emphasis},
  edition   = {15},
  year      = {2015},
  location  = {Boston},
  publisher = {Pearson},
  keywords  = {latin}
}

@book{richards1985,
  author    = {Richards, Jack and Platt, John and Weber, Heidi},
  title     = {Longman Dictionary of Applied Linguistics},
  year      = {1985},
  location  = {Harlow},
  publisher = {Longman},
  keywords  = {latin}
}

@book{laudon2015,
  author    = {Laudon, Kenneth C. and Traver, Carol Guercio},
  title     = {E-Commerce 2016: Business, Technology, Society},
  year      = {2015},
  location  = {Boston},
  publisher = {Pearson},
  keywords  = {latin}
}

@book{horngren2003,
  author    = {Horngren, Charles T. and Datar, Srikant M.},
  title     = {Cost Accounting: A Managerial Emphasis},
  edition   = {11},
  year      = {2003},
  location  = {Upper Saddle River, NJ},
  publisher = {Prentice Hall},
  keywords  = {latin}
}

@book{gaponenko2008,
  author    = {Гапоненко, Андрей and Орлова, Татьяна},
  title     = {Управление знаниями},
  year      = {2008},
  location  = {Москва},
  publisher = {Эксмо},
  language  = {russian},
  keywords  = {cyrillic}
}

%%%% BOOKS — >3 AUTHORS (ET AL.)
@book{christensen2013,
  author    = {Christensen, Clayton M. and others},
  title     = {HBR's 10 Must Reads: On Strategic Marketing},
  year      = {2013},
  location  = {Boston},
  publisher = {Harvard Business Review Press},
  keywords  = {latin}
}

@book{osullivan1994,
  author    = {O'Sullivan, Tim and others},
  title     = {Key Concepts in Communication and Cultural Studies},
  year      = {1994},
  location  = {London},
  publisher = {Routledge},
  keywords  = {latin}
}

%%%% EDITED VOLUME
@collection{okeeffe2010,
  editor    = {O'Keeffe, Anne and McCarthy, Michael},
  title     = {The Routledge Handbook of Corpus Linguistics},
  year      = {2010},
  location  = {London; New York},
  publisher = {Routledge},
  keywords  = {latin}
}

%%%% JOURNAL ARTICLE
@article{lapina2016,
  author  = {Lapina, Inga and Roga, Rita and Müürsepp, Peeter},
  title   = {Quality of Higher Education: International Students’ Satisfaction and Learning Experience},
  journal = {International Journal of Quality and Service Sciences},
  year    = {2016},
  volume  = {8},
  number  = {3},
  pages   = {263--278},
  keywords= {latin}
}

@article{semjonova2015,
  author  = {Semjonova, Nadezhda},
  title   = {Assessment of the Government Debt Position Impact on the General Taxation Policy},
  journal = {Economic Science for Rural Development},
  year    = {2015},
  volume  = {37},
  pages   = {232--240},
  keywords= {latin}
}

%%%% BOOK CHAPTER (IN AN EDITED VOLUME)
@incollection{junge2011,
  author    = {Junge, Sarah},
  title     = {Corporate Rhetoric in English and Japanese Business Reports},
  booktitle = {Multilingual Discourse Production: Diachronic and Synchronic Perspective},
  editor    = {Kranich, Svenja and others},
  series    = {Hamburg Studies on Multilingualism},
  volume    = {12},
  year      = {2011},
  location  = {Amsterdam},
  publisher = {John Benjamins},
  pages     = {207--232},
  keywords  = {latin}
}

%%%% CONFERENCE PAPER / PROCEEDINGS
@inproceedings{satrevics2015,
  author    = {Šatrevičs, Vjačeslavs and Gaile-Sarkane, Elita},
  title     = {Strategic Fit Relation Model as a Tool for Organization Development},
  booktitle = {Proceedings of the 19th World Multi-Conference on Systemics, Cybernetics and Informatics (WMSCI 2015)},
  date      = {2015-07-12/2015-07-15},
  location  = {Florida},
  publisher = {International Institute of Informatics and Systemics},
  pages     = {94--99},
  keywords  = {latin}
}

@inproceedings{ievins2013,
  author    = {Иевинс, Янис and Бартусаускис, Янис and Мелько, Андрей},
  title     = {Система охраны труда в Латвии, проблемы и их решение},
  booktitle = {Международный экологический конгресс ``Ecology and Life Protection of Industrial-Transport Complexes''},
  date      = {2013-09-18/2013-09-22},
  location  = {Тольятти},
  publisher = {Тольяттинский государственный университет},
  pages     = {115--123},
  language  = {russian},
  keywords  = {cyrillic}
}

%%%% INTERNET SOURCES — WITH AUTHOR
@online{reisner2013,
  author  = {Reisner, Birgit},
  title   = {EU Competency Framework for the Customs Profession},
  year    = {2013},
  note    = {PICARD Conference, St. Petersburg, 18–20 September 2013},
  url     = {http://www.wcoomd.org/en/events/event-history/2013/wco-picard-conference-2013/~/media/09569F05EF4240D6A5CCE0327CEF03CC.ashx},
  urldate = {2013-11-17},
  keywords= {latin}
}

@online{pym2012,
  author  = {Pym, Anthony},
  title   = {Translation Skill Sets in a Machine Translation Age},
  year    = {2012},
  organization = {Universitat Rovira i Virgili (InterCultural Studies Group)},
  url     = {http://usuaris.tinet.cat/apym/on-line/training/2012_competence_pym.pdf},
  urldate = {2016-03-10},
  keywords= {latin}
}

%%%% INTERNET SOURCES — WITHOUT NAMED AUTHOR (LAWS, INSTITUTIONS)
@legislation{commercialLaw2002,
  title     = {The Commercial Law},
  date      = {2002-02-14},
  note      = {Law of the Republic of Latvia},
  url       = {https://likumi.lv/ta/id/5490-komerclikums},
  urldate   = {2017-03-26},
  keywords  = {latin}
}

@legislation{evalRegs2014,
  title   = {Evaluation Regulations of the Preparation and Impact of the Development Planning Documents},
  date    = {2014-12-02},
  note    = {Regulations of the Cabinet of Ministers of the Republic of Latvia No.~737},
  url     = {http://likumi.lv/doc.php?id=270934},
  urldate = {2015-01-31},
  keywords= {latin}
}

@online{srsStrategy2014,
  title   = {State Revenue Service Business Strategy for 2014–2016},
  year    = {2014},
  organization = {State Revenue Service},
  url     = {https://www.vid.gov.lv/default.aspx?tabid=4&id=684&hl=1},
  urldate = {2016-02-03},
  keywords= {latin}
}

@online{jenberga2016,
  author  = {Jenberga, Sanita and Puriņa, Elīna},
  title   = {U.S. Pressures Latvia to Clean Up Its Non-Resident Banks},
  year    = {2016},
  organization = {Re:Baltica – The Baltic Centre for Investigative Journalism},
  url     = {http://www.rebaltica.lv/en/investigations/dirty_money/a/1316/u_s_pressures_latvia_to_clean_up_its_non-resident_banks.html},
  urldate = {2016-02-04},
  keywords= {latin}
}

%%%% DICTIONARIES — PRINTED
@book{green2010,
  author    = {Green, Jonathon},
  title     = {Green's Dictionary of Slang},
  year      = {2010},
  location  = {London},
  publisher = {Chambers},
  keywords  = {latin}
}

@book{krauklis2003,
  author    = {Krauklis, Vilnis},
  title     = {Dictionary of Terms in Civil Engineering // Celtniecības terminu vārdnīca},
  year      = {2003},
  location  = {Rīga},
  publisher = {Telamons},
  note      = {1327 p.},
  language  = {latvian},
  keywords  = {latin}
}

%%%% DICTIONARIES — ONLINE HEADWORD
@online{merriamLeg2017,
  title   = {Merriam–Webster Dictionary: ``leg''},
  year    = {2017},
  url     = {https://www.merriam-webster.com/dictionary/leg},
  urldate = {2017-02-08},
  keywords= {latin}
}

%%%% STANDARDS — ONLINE PAGES
@online{iso9001,
  title     = {ISO 9001:2015 — Quality Management},
  organization = {International Organization for Standardization},
  url       = {http://www.iso.org/iso/home/standards/management-standards/iso_9000.htm},
  urldate   = {2016-03-18},
  keywords  = {latin}
}

@online{iso2382-37,
  title     = {ISO/IEC 2382-37 — Terminology Standards},
  organization = {International Organization for Standardization},
  url       = {http://www.iso.org/},
  urldate   = {2016-04-03},
  keywords  = {latin}
}

%%%% STANDARDS — AS A BOOK
@book{williams2008,
  author    = {Williams, Bob},
  title     = {Intelligent Transport System Standards},
  year      = {2008},
  location  = {Boston; London},
  publisher = {Artech House},
  keywords  = {latin}
}

%%%% COMPANY MATERIALS (REPORTS)
@report{eiklida2016,
  title       = {Eiklīda, Ltd. Annual Report},
  year        = {2016},
  institution = {Eiklīda Ltd accounting materials},
  pages       = {65},
  keywords    = {latin}
}

%%%% THESES
@thesis{delinde2016,
  author      = {de Linde, Sander},
  title       = {Overcoming Market Barriers and Promoting Deep Renovation of Multifamily Residential Buildings in Latvia},
  type        = {Master's thesis},
  institution = {Riga Technical University},
  location    = {Riga},
  year        = {2016},
  pages       = {97},
  keywords    = {latin}
}

%%%% INTERVIEW
@misc{balodis2016,
  author       = {Balodis, Kaspars},
  title        = {Entrepreneurship Opportunities in Small Towns},
  date         = {2016-01-08},
  howpublished = {Interviewed by I. Odziņa},
  entrysubtype = {interview},
  keywords     = {latin}
}

%%%% SEMINAR / CONFERENCE HANDOUT OR PRESENTATION
@unpublished{urva2016,
  author  = {Urva, Epp},
  title   = {Opportunities and Challenges the Increasingly Digital World Brings to Educators},
  date    = {2016-09-29},
  note    = {``Management Education for a Digital World'' — 24th CEEMAN Annual Conference, handout/presentation},
  keywords= {latin}
}
